<record><leader>00000cas a22000007a 4500</leader><controlfield tag="001">13489379</controlfield><controlfield tag="008">860424d19031951pauwr ne      0    0eng d</controlfield><datafield ind1=" " ind2=" " tag="010"><subfield code="a">sn 87078059 </subfield></datafield><datafield ind1=" " ind2=" " tag="040"><subfield code="a">NPH</subfield><subfield code="b">eng</subfield><subfield code="c">NPH</subfield><subfield code="d">OCLCQ</subfield></datafield><datafield ind1=" " ind2=" " tag="042"><subfield code="a">msc</subfield></datafield><datafield ind1="0" ind2=" " tag="130"><subfield code="a">Call (Schuylkill Haven, Pa. : 1903)</subfield></datafield><datafield ind1="1" ind2="4" tag="245"><subfield code="a">The call.</subfield></datafield><datafield ind1=" " ind2=" " tag="260"><subfield code="a">Schuylkill Haven, Pa. :</subfield><subfield code="b">Jay D. Shumway,</subfield><subfield code="c">1903-</subfield></datafield><datafield ind1=" " ind2=" " tag="300"><subfield code="a">39 v. :</subfield><subfield code="b">ill. (chiefly advertisements) ;</subfield><subfield code="c">58 cm.</subfield></datafield><datafield ind1=" " ind2=" " tag="310"><subfield code="a">Weekly</subfield></datafield><datafield ind1="0" ind2=" " tag="362"><subfield code="a">Vol. 12, no. 50 (July 10, 1903)-v. 51, no. 43 (Oct. 26, 1951).</subfield></datafield><datafield ind1=" " ind2=" " tag="500"><subfield code="a">Publisher: Fred V. Knecht, &lt;Jan. 29, 1987&gt;.</subfield></datafield><datafield ind1=" " ind2=" " tag="752"><subfield code="a">United States</subfield><subfield code="b">Pennsylvania</subfield><subfield code="c">Schuylkill</subfield><subfield code="d">Schuylkill Haven.</subfield></datafield><datafield ind1="0" ind2="0" tag="780"><subfield code="t">Schuylkill Haven call</subfield><subfield code="w">(DLC)sn 87078060</subfield><subfield code="w">(OCoLC)13489354</subfield></datafield><datafield ind1="0" ind2="7" tag="785"><subfield code="t">Orwigsburg news</subfield><subfield code="w">(OCoLC)18664284</subfield></datafield><datafield ind1="0" ind2="7" tag="785"><subfield code="t">Call and the Orwigsburg news</subfield><subfield code="w">(OCoLC)18664041</subfield></datafield></record>